@inproceedings{bao2022estimating,
  title={Estimating the Optimal Covariance with Imperfect Mean in Diffusion Probabilistic Models},
  author={Bao, Fan and Li, Chongxuan and Sun, Jiacheng and Zhu, Jun and Zhang, Bo},
  booktitle={International Conference on Machine Learning},
  pages={1555--1584},
  year={2022},
  organization={PMLR}
}

@inproceedings{sohl2015deep,
  title={Deep unsupervised learning using nonequilibrium thermodynamics},
  author={Sohl-Dickstein, Jascha and Weiss, Eric and Maheswaranathan, Niru and Ganguli, Surya},
  booktitle={International Conference on Machine Learning},
  pages={2256--2265},
  year={2015},
  organization={PMLR}
}


@inproceedings{ho2020denoising,
  title={Denoising diffusion probabilistic models},
  author={Ho, Jonathan and Jain, Ajay and Abbeel, Pieter},
  booktitle={Proceedings of the 34th International Conference on Neural Information Processing Systems},
  pages={6840--6851},
  year={2020}
}


@inproceedings{song2020score,
  title={Score-Based Generative Modeling through Stochastic Differential Equations},
  author={Song, Yang and Sohl-Dickstein, Jascha and Kingma, Diederik P and Kumar, Abhishek and Ermon, Stefano and Poole, Ben},
  booktitle={International Conference on Learning Representations},
  year={2020}
}


@article{dhariwal2021diffusion,
  title={Diffusion models beat gans on image synthesis},
  author={Dhariwal, Prafulla and Nichol, Alexander},
  journal={Advances in Neural Information Processing Systems},
  volume={34},
  pages={8780--8794},
  year={2021}
}


@inproceedings{chen2020wavegrad,
  title={WaveGrad: Estimating Gradients for Waveform Generation},
  author={Chen, Nanxin and Zhang, Yu and Zen, Heiga and Weiss, Ron J and Norouzi, Mohammad and Chan, William},
  booktitle={International Conference on Learning Representations},
  year={2020}
}


@inproceedings{kong2020diffwave,
  title={DiffWave: A Versatile Diffusion Model for Audio Synthesis},
  author={Kong, Zhifeng and Ping, Wei and Huang, Jiaji and Zhao, Kexin and Catanzaro, Bryan},
  booktitle={International Conference on Learning Representations},
  year={2020}
}


@inproceedings{brock2018large,
  title={Large Scale GAN Training for High Fidelity Natural Image Synthesis},
  author={Brock, Andrew and Donahue, Jeff and Simonyan, Karen},
  booktitle={International Conference on Learning Representations},
  year={2018}
}


@article{wu2019logan,
  title={Logan: Latent optimisation for generative adversarial networks},
  author={Wu, Yan and Donahue, Jeff and Balduzzi, David and Simonyan, Karen and Lillicrap, Timothy},
  journal={arXiv preprint arXiv:1912.00953},
  year={2019}
}


@inproceedings{karras2020analyzing,
  title={Analyzing and improving the image quality of stylegan},
  author={Karras, Tero and Laine, Samuli and Aittala, Miika and Hellsten, Janne and Lehtinen, Jaakko and Aila, Timo},
  booktitle={Proceedings of the IEEE/CVF conference on computer vision and pattern recognition},
  pages={8110--8119},
  year={2020}
}


@inproceedings{binkowski2019high,
  title={High Fidelity Speech Synthesis with Adversarial Networks},
  author={Bi{\'n}kowski, Miko{\l}aj and Donahue, Jeff and Dieleman, Sander and Clark, Aidan and Elsen, Erich and Casagrande, Norman and Cobo, Luis C and Simonyan, Karen},
  booktitle={International Conference on Learning Representations},
  year={2019}
}


@inproceedings{kalchbrenner2018efficient,
  title={Efficient neural audio synthesis},
  author={Kalchbrenner, Nal and Elsen, Erich and Simonyan, Karen and Noury, Seb and Casagrande, Norman and Lockhart, Edward and Stimberg, Florian and Oord, Aaron and Dieleman, Sander and Kavukcuoglu, Koray},
  booktitle={International Conference on Machine Learning},
  pages={2410--2419},
  year={2018},
  organization={PMLR}
}


@inproceedings{goodfellow2014generative,
  title={Generative Adversarial Nets},
  author={Goodfellow, Ian J and Pouget-Abadie, Jean and Mirza, Mehdi and Xu, Bing and Warde-Farley, David and Ozair, Sherjil and Courville, Aaron C and Bengio, Yoshua},
  booktitle={NIPS},
  year={2014}
}


@inproceedings{xiao2021tackling,
  title={Tackling the Generative Learning Trilemma with Denoising Diffusion GANs},
  author={Xiao, Zhisheng and Kreis, Karsten and Vahdat, Arash},
  booktitle={International Conference on Learning Representations},
  year={2021}
}


@inproceedings{bao2021analytic,
  title={Analytic-DPM: an Analytic Estimate of the Optimal Reverse Variance in Diffusion Probabilistic Models},
  author={Bao, Fan and Li, Chongxuan and Zhu, Jun and Zhang, Bo},
  booktitle={International Conference on Learning Representations},
  year={2021}
}


@inproceedings{song2020denoising,
  title={Denoising Diffusion Implicit Models},
  author={Song, Jiaming and Meng, Chenlin and Ermon, Stefano},
  booktitle={International Conference on Learning Representations},
  year={2020}
}


@article{kingma2021variational,
  title={Variational diffusion models},
  author={Kingma, Diederik and Salimans, Tim and Poole, Ben and Ho, Jonathan},
  journal={Advances in neural information processing systems},
  volume={34},
  pages={21696--21707},
  year={2021}
}


@article{jolicoeur2021gotta,
  title={Gotta go fast when generating data with score-based models},
  author={Jolicoeur-Martineau, Alexia and Li, Ke and Pich{\'e}-Taillefer, R{\'e}mi and Kachman, Tal and Mitliagkas, Ioannis},
  journal={arXiv preprint arXiv:2105.14080},
  year={2021}
}


@article{watson2021learning,
  title={Learning to efficiently sample from diffusion probabilistic models},
  author={Watson, Daniel and Ho, Jonathan and Norouzi, Mohammad and Chan, William},
  journal={arXiv preprint arXiv:2106.03802},
  year={2021}
}


@article{krizhevsky2009learning,
  title={Learning multiple layers of features from tiny images},
  author={Krizhevsky, Alex and others},
  year={2009},
  publisher={Citeseer}
}


@inproceedings{liu2015deep,
  title={Deep learning face attributes in the wild},
  author={Liu, Ziwei and Luo, Ping and Wang, Xiaogang and Tang, Xiaoou},
  booktitle={Proceedings of the IEEE international conference on computer vision},
  pages={3730--3738},
  year={2015}
}


@inproceedings{deng2009imagenet,
  title={ImageNet: A large-scale hierarchical image database},
  author={Deng, Jia and Dong, Wei and Socher, Richard and Li, Li-Jia and Li, Kai and Fei-Fei, Li},
  booktitle={2009 IEEE Conference on Computer Vision and Pattern Recognition},
  pages={248--255},
  year={2009},
  organization={IEEE Computer Society}
}


@article{yu2015lsun,
  title={Lsun: Construction of a large-scale image dataset using deep learning with humans in the loop},
  author={Yu, Fisher and Seff, Ari and Zhang, Yinda and Song, Shuran and Funkhouser, Thomas and Xiao, Jianxiong},
  journal={arXiv preprint arXiv:1506.03365},
  year={2015}
}


@article{heusel2017gans,
  title={Gans trained by a two time-scale update rule converge to a local nash equilibrium},
  author={Heusel, Martin and Ramsauer, Hubert and Unterthiner, Thomas and Nessler, Bernhard and Hochreiter, Sepp},
  journal={Advances in neural information processing systems},
  volume={30},
  year={2017}
}


@article{vahdat2021score,
  title={Score-based generative modeling in latent space},
  author={Vahdat, Arash and Kreis, Karsten and Kautz, Jan},
  journal={Advances in Neural Information Processing Systems},
  volume={34},
  pages={11287--11302},
  year={2021}
}


@inproceedings{dockhorn2021score,
  title={Score-Based Generative Modeling with Critically-Damped Langevin Diffusion},
  author={Dockhorn, Tim and Vahdat, Arash and Kreis, Karsten},
  booktitle={International Conference on Learning Representations},
  year={2021}
}


@inproceedings{choi2021ilvr,
  title={ILVR: Conditioning Method for Denoising Diffusion Probabilistic Models},
  author={Choi, Jooyoung and Kim, Sungwon and Jeong, Yonghyun and Gwon, Youngjune and Yoon, Sungroh},
  booktitle={Proceedings of the IEEE/CVF International Conference on Computer Vision},
  pages={14367--14376},
  year={2021}
}


@article{meng2021sdedit,
  title={Sdedit: Image synthesis and editing with stochastic differential equations},
  author={Meng, Chenlin and Song, Yang and Song, Jiaming and Wu, Jiajun and Zhu, Jun-Yan and Ermon, Stefano},
  journal={arXiv preprint arXiv:2108.01073},
  year={2021}
}


@article{sinha2021d2c,
  title={D2c: Diffusion-decoding models for few-shot conditional generation},
  author={Sinha, Abhishek and Song, Jiaming and Meng, Chenlin and Ermon, Stefano},
  journal={Advances in Neural Information Processing Systems},
  volume={34},
  pages={12533--12548},
  year={2021}
}


@article{nichol2021glide,
  title={Glide: Towards photorealistic image generation and editing with text-guided diffusion models},
  author={Nichol, Alex and Dhariwal, Prafulla and Ramesh, Aditya and Shyam, Pranav and Mishkin, Pamela and McGrew, Bob and Sutskever, Ilya and Chen, Mark},
  journal={arXiv preprint arXiv:2112.10741},
  year={2021}
}


@inproceedings{popov2021diffusion,
  title={Diffusion-Based Voice Conversion with Fast Maximum Likelihood Sampling Scheme},
  author={Popov, Vadim and Vovk, Ivan and Gogoryan, Vladimir and Sadekova, Tasnima and Kudinov, Mikhail Sergeevich and Wei, Jiansheng},
  booktitle={International Conference on Learning Representations},
  year={2021}
}


@article{saharia2021image,
  title={Image Super-Resolution via Iterative Refinement},
  author={Saharia, Chitwan and Ho, Jonathan and Chan, William and Salimans, Tim and Fleet, David J and Norouzi, Mohammad},
  journal={arXiv preprint arXiv:2104.07636},
  year={2021}
}


@article{sasaki2021unit,
  title={Unit-ddpm: Unpaired image translation with denoising diffusion probabilistic models},
  author={Sasaki, Hiroshi and Willcocks, Chris G and Breckon, Toby P},
  journal={arXiv preprint arXiv:2104.05358},
  year={2021}
}


@inproceedings{zhou20213d,
  title={3d shape generation and completion through point-voxel diffusion},
  author={Zhou, Linqi and Du, Yilun and Wu, Jiajun},
  booktitle={Proceedings of the IEEE/CVF International Conference on Computer Vision},
  pages={5826--5835},
  year={2021}
}


@inproceedings{luo2021diffusion,
  title={Diffusion probabilistic models for 3d point cloud generation},
  author={Luo, Shitong and Hu, Wei},
  booktitle={Proceedings of the IEEE/CVF Conference on Computer Vision and Pattern Recognition},
  pages={2837--2845},
  year={2021}
}


@inproceedings{rasul2021autoregressive,
  title={Autoregressive denoising diffusion models for multivariate probabilistic time series forecasting},
  author={Rasul, Kashif and Seward, Calvin and Schuster, Ingmar and Vollgraf, Roland},
  booktitle={International Conference on Machine Learning},
  pages={8857--8868},
  year={2021},
  organization={PMLR}
}


@article{luhman2021knowledge,
  title={Knowledge distillation in iterative generative models for improved sampling speed},
  author={Luhman, Eric and Luhman, Troy},
  journal={arXiv preprint arXiv:2101.02388},
  year={2021}
}


@article{li2022srdiff,
  title={Srdiff: Single image super-resolution with diffusion probabilistic models},
  author={Li, Haoying and Yang, Yifan and Chang, Meng and Chen, Shiqi and Feng, Huajun and Xu, Zhihai and Li, Qi and Chen, Yueting},
  journal={Neurocomputing},
  volume={479},
  pages={47--59},
  year={2022},
  publisher={Elsevier}
}


@inproceedings{loshchilov2018decoupled,
  title={Decoupled Weight Decay Regularization},
  author={Loshchilov, Ilya and Hutter, Frank},
  booktitle={International Conference on Learning Representations},
  year={2018}
}


@inproceedings{nichol2021improved,
  title={Improved denoising diffusion probabilistic models},
  author={Nichol, Alexander Quinn and Dhariwal, Prafulla},
  booktitle={International Conference on Machine Learning},
  pages={8162--8171},
  year={2021},
  organization={PMLR}
}


@article{song2021maximum,
  title={Maximum likelihood training of score-based diffusion models},
  author={Song, Yang and Durkan, Conor and Murray, Iain and Ermon, Stefano},
  journal={Advances in Neural Information Processing Systems},
  volume={34},
  pages={1415--1428},
  year={2021}
}


@inproceedings{theis2016note,
  title={A note on the evaluation of generative models},
  author={Theis, L and van den Oord, A and Bethge, M},
  booktitle={International Conference on Learning Representations (ICLR 2016)},
  pages={1--10},
  year={2016}
}


@inproceedings{salimans2021progressive,
  title={Progressive Distillation for Fast Sampling of Diffusion Models},
  author={Salimans, Tim and Ho, Jonathan},
  booktitle={International Conference on Learning Representations},
  year={2021}
}


@article{luo2022understanding,
  title={Understanding diffusion models: A unified perspective},
  author={Luo, Calvin},
  journal={arXiv preprint arXiv:2208.11970},
  year={2022}
}


@article{cao2022survey,
  title={A survey on generative diffusion model},
  author={Cao, Hanqun and Tan, Cheng and Gao, Zhangyang and Chen, Guangyong and Heng, Pheng-Ann and Li, Stan Z},
  journal={arXiv preprint arXiv:2209.02646},
  year={2022}
}

@inproceedings{watson2021fastsampler,
  title={Learning fast samplers for diffusion models by differentiating through sample quality},
  author={Watson, Daniel and Chan, William and Ho, Jonathan and Norouzi, Mohammad},
  booktitle={International Conference on Learning Representations},
  year={2021}
}


@article{kingma2013auto,
  title={Auto-encoding variational bayes},
  author={Kingma, Diederik P and Welling, Max},
  journal={arXiv preprint arXiv:1312.6114},
  year={2013}
}


@article{kingma2016improved,
  title={Improved variational inference with inverse autoregressive flow},
  author={Kingma, Durk P and Salimans, Tim and Jozefowicz, Rafal and Chen, Xi and Sutskever, Ilya and Welling, Max},
  journal={Advances in neural information processing systems},
  volume={29},
  year={2016}
}


@article{sonderby2016ladder,
  title={Ladder variational autoencoders},
  author={S{\o}nderby, Casper Kaae and Raiko, Tapani and Maal{\o}e, Lars and S{\o}nderby, S{\o}ren Kaae and Winther, Ole},
  journal={Advances in neural information processing systems},
  volume={29},
  year={2016}
}


@article{saharia2022photorealistic,
  title={Photorealistic Text-to-Image Diffusion Models with Deep Language Understanding},
  author={Saharia, Chitwan and Chan, William and Saxena, Saurabh and Li, Lala and Whang, Jay and Denton, Emily and Ghasemipour, Seyed Kamyar Seyed and Ayan, Burcu Karagol and Mahdavi, S Sara and Lopes, Rapha Gontijo and others},
  journal={arXiv preprint arXiv:2205.11487},
  year={2022}
}


@article{ho2022cascaded,
  title={Cascaded Diffusion Models for High Fidelity Image Generation},
  author={Ho, Jonathan and Saharia, Chitwan and Chan, William and Fleet, David J and Norouzi, Mohammad and Salimans, Tim},
  journal={Journal of Machine Learning Research},
  volume={23},
  number={47},
  pages={1--33},
  year={2022}
}


@article{ramesh2022hierarchical,
  title={Hierarchical text-conditional image generation with clip latents},
  author={Ramesh, Aditya and Dhariwal, Prafulla and Nichol, Alex and Chu, Casey and Chen, Mark},
  journal={arXiv preprint arXiv:2204.06125},
  year={2022}
}


@inproceedings{ho2021classifier,
  title={Classifier-Free Diffusion Guidance},
  author={Ho, Jonathan and Salimans, Tim},
  booktitle={NeurIPS 2021 Workshop on Deep Generative Models and Downstream Applications},
  year={2021}
}